@online{Git,
  key = {Git},
  url = {https://git-scm.com/}
}

@online{EmbeddingGit,
  title  = {{Pro Git} - Appendix B: Embedding {Git} in your Applications},
  author = {Scott Chacon and Ben Straub},
  year   = 2014,
  note   = {URLs: \url{https://git-scm.com/book/en/v2/Appendix-B%3A-Embedding-Git-in-your-Applications-Command-line-Git}, 
            \url{https://git-scm.com/book/en/v2/Appendix-B%3A-Embedding-Git-in-your-Applications-Libgit2}, 
            \url{https://git-scm.com/book/it/v2/Appendice-B%3A-Embedding-Git-in-your-Applications-JGit} and 
            \url{https://git-scm.com/book/en/v2/Appendix-B%3A-Embedding-Git-in-your-Applications-go-git}, 
            visited 13/12/2023 }
}

@online{JGit,
  key = {JGit},
  url = {https://www.eclipse.org/jgit/}
}

@online{GraphQL,
  key = {GraphQL},
  url = {https://www.eclipse.org/jgit/}
}

@online{GitHub,
  key = {GitHub},
  url = {https://github.com/}
}

@online{GitHubSSH,
  key = {GitHub SSH authentication},
  url = {https://docs.github.com/en/authentication/connecting-to-github-with-ssh}
}

@online{GitHubGraphQL,
  key = {GitHub GraphQL API},
  url = {https://docs.github.com/en/graphql}
}

@online{GitHubRest,
  key = {GitHub Rest API},
  url = {https://docs.github.com/en/rest?apiVersion=2022-11-28}
}

@misc{WikipediaStaticAnalysis,
  author       = {{Wikipedia contributors}},
  title        = {List of tools for static code analysis --- {Wikipedia}{,} The Free Encyclopedia},
  year         = {2023},
  howpublished = {\url{https://en.wikipedia.org/w/index.php?title=List_of_tools_for_static_code_analysis&oldid=1189383292}},
  note         = {[Online; accessed 13-December-2023]}
}

@online{GhStaticAnalysis,
  title   = {A curated list of static analysis ({SAST}) tools and linters},
  key     = {SAST},
  url     = {https://github.com/analysis-tools-dev/static-analysis},
  urldate = {13-December-2023}
}

@online{SonarQube,
  key = {SonarQube},
  url = {https://www.sonarsource.com/products/sonarqube/}
}

@online{SonarQubeExt,
  key = {SonarQube Web API},
  url = {https://docs.sonarsource.com/sonarqube/latest/extension-guide/web-api/}
}
